<record><leader>00000cas a22000007a 4500</leader><controlfield tag="001">33141638</controlfield><controlfield tag="008">950915d19uu19uunyuwn ne      0   a0eng d</controlfield><datafield ind1=" " ind2=" " tag="010"><subfield code="a">sn 95071396 </subfield></datafield><datafield ind1=" " ind2=" " tag="040"><subfield code="a">NYS</subfield><subfield code="b">eng</subfield><subfield code="c">NYS</subfield><subfield code="d">OCLCQ</subfield><subfield code="d">OCLCF</subfield><subfield code="d">OCLCO</subfield></datafield><datafield ind1="1" ind2=" " tag="029"><subfield code="a">AU@</subfield><subfield code="b">000012176444</subfield></datafield><datafield ind1=" " ind2=" " tag="042"><subfield code="a">msc</subfield></datafield><datafield ind1=" " ind2=" " tag="043"><subfield code="a">n-us-ny</subfield></datafield><datafield ind1="0" ind2="4" tag="245"><subfield code="a">The Fire Island villager.</subfield></datafield><datafield ind1=" " ind2=" " tag="260"><subfield code="a">Ocean Beach, N.Y. :</subfield><subfield code="b">The Villager</subfield></datafield><datafield ind1=" " ind2=" " tag="300"><subfield code="a">v.</subfield></datafield><datafield ind1=" " ind2=" " tag="310"><subfield code="a">Weekly (during summer months)</subfield></datafield><datafield ind1=" " ind2=" " tag="515"><subfield code="a">Aug. 24, 1981 issue misdated Aug. 18, 1981.</subfield></datafield><datafield ind1=" " ind2=" " tag="588"><subfield code="a">Description based on: Vol. 4, no. 1 (May 25, 1981).</subfield></datafield><datafield ind1=" " ind2="0" tag="651"><subfield code="a">Ocean Beach (N.Y.)</subfield><subfield code="v">Newspapers.</subfield></datafield><datafield ind1=" " ind2="0" tag="651"><subfield code="a">Suffolk County (N.Y.)</subfield><subfield code="v">Newspapers.</subfield></datafield><datafield ind1=" " ind2="4" tag="651"><subfield code="a">Fire Island (N.Y.) Newspapers.</subfield></datafield><datafield ind1=" " ind2="7" tag="655"><subfield code="a">Newspapers.</subfield><subfield code="2">fast</subfield><subfield code="0">(OCoLC)fst01423814</subfield></datafield><datafield ind1=" " ind2="7" tag="651"><subfield code="a">New York (State)</subfield><subfield code="z">Ocean Beach.</subfield><subfield code="2">fast</subfield><subfield code="0">(OCoLC)fst01231969</subfield></datafield><datafield ind1=" " ind2="7" tag="651"><subfield code="a">New York (State)</subfield><subfield code="z">Suffolk County.</subfield><subfield code="2">fast</subfield><subfield code="0">(OCoLC)fst01207260</subfield></datafield><datafield ind1=" " ind2=" " tag="752"><subfield code="a">United States</subfield><subfield code="b">New York</subfield><subfield code="c">Suffolk</subfield><subfield code="d">Ocean Beach.</subfield></datafield><datafield ind1="0" ind2="0" tag="780"><subfield code="t">Villager (Ocean Beach, N.Y.)</subfield><subfield code="w">(DLC)sn 95071395</subfield><subfield code="w">(OCoLC)33141530</subfield></datafield></record>